@article{Jegadeesh1993,
  author  = {Jegadeesh, Narasimhan and Titman, Sheridan},
  title   = {Returns to Buying Winners and Selling Losers: Implications for Stock Market Efficiency},
  journal = {Journal of Finance},
  year    = {1993},
  volume  = {48},
  number  = {1},
  pages   = {65--91},
  doi     = {10.1111/j.1540-6261.1993.tb04702.x}
}

@article{Asness2019,
  author  = {Asness, Clifford S. and Frazzini, Andrea and Pedersen, Lasse Heje},
  title   = {Quality Minus Junk},
  journal = {Review of Accounting Studies},
  year    = {2019},
  volume  = {24},
  number  = {1},
  pages   = {34--112},
  doi     = {10.1007/s11142-018-9470-2}
}

@article{Daniel2016,
  author  = {Daniel, Kent D. and Moskowitz, Tobias J.},
  title   = {Momentum Crashes},
  journal = {Journal of Financial Economics},
  year    = {2016},
  volume  = {122},
  number  = {2},
  pages   = {221--247},
  doi     = {10.1016/j.jfineco.2015.12.002}
}

@article{NovyMarx2016,
  author  = {Novy-Marx, Robert and Velikov, Mihail},
  title   = {A Taxonomy of Anomalies and Their Trading Costs},
  journal = {Review of Financial Studies},
  year    = {2016},
  volume  = {29},
  number  = {1},
  pages   = {104--147},
  doi     = {10.1093/rfs/hhv072}
}

